@book{latex,
  title = {LaTeX : A Documentation Preparation System User's Guide and Reference Manual},
  publisher = {Addison-Wesley Professional},
  year = {1994},
  author = {Leslie Lamport}
}

@article{durner2021unknown,
    title={Unknown Object Segmentation from Stereo Images}, 
    author={Maximilian Durner and Wout Boerdijk and Martin Sundermeyer and Werner Friedl and Zoltan-Csaba Marton and Rudolph Triebel},
    year={2021},
    eprint={2103.06796},
    archivePrefix={arXiv},
    primaryClass={cs.CV}
}


@inproceedings{seqformer,
  title={SeqFormer: Sequential Transformer for Video Instance Segmentation},
  author={Wu, Junfeng and Jiang, Yi and Bai, Song and Zhang, Wenqing and Bai, Xiang},
  booktitle={ECCV},
  year={2022},
}

@article{devis,
  author = {Caelles, Adrià and Meinhardt, Tim and Brasó, Guillem and Leal-Taixé, Laura},
  title = {{DeVIS: Making Deformable Transformers Work for Video Instance Segmentation}},
  journal = {arXiv:2207.11103},
  year = {2022},
}

@inproceedings{park2022per,
  title={Per-Clip Video Object Segmentation},
  author={Park, Kwanyong and Woo, Sanghyun and Oh, Seoung Wug and Kweon, In So and Lee, Joon-Young},
  booktitle={Proceedings of the IEEE/CVF Conference on Computer Vision and Pattern Recognition},
  pages={1352--1361},
  year={2022}
}

@article{gordon2017re3,
  title={Re3: Real-Time Recurrent Regression Networks for Object Tracking},
  author={Gordon, Daniel and Farhadi, Ali and Fox, Dieter},
  journal={arXiv preprint arXiv:1705.06368},
  year={2017}
}

@InProceedings{meinhardt2021trackformer,
    title={TrackFormer: Multi-Object Tracking with Transformers},
    author={Tim Meinhardt and Alexander Kirillov and Laura Leal-Taixe and Christoph Feichtenhofer},
    year={2022},
    booktitle = {The IEEE Conference on Computer Vision and Pattern Recognition (CVPR)},
}

@inproceedings{IDOL,
  title={In Defense of Online Models for Video Instance Segmentation},
  author={Wu, Junfeng and Liu, Qihao and Jiang, Yi and Bai, Song and Yuille, Alan and Bai, Xiang},
  booktitle={ECCV},
  year={2022},
}

@inproceedings{sort,
  author={Bewley, Alex and Ge, Zongyuan and Ott, Lionel and Ramos, Fabio and Upcroft, Ben},
  booktitle={2016 IEEE International Conference on Image Processing (ICIP)},
  title={Simple online and realtime tracking},
  year={2016},
  pages={3464-3468},
  %keywords={Benchmark testing;Complexity theory;Detectors;Kalman filters;Target tracking;Visualization;Computer Vision;Data Association;Detection;Multiple Object Tracking},
  %doi={10.1109/ICIP.2016.7533003}
}

@inproceedings{deepsort,
  title={Deep Cosine Metric Learning for Person Re-identification},
  author={Wojke, Nicolai and Bewley, Alex},
  booktitle={2018 IEEE Winter Conference on Applications of Computer Vision (WACV)},
  year={2018},
  pages={748--756},
  organization={IEEE},
  %doi={10.1109/WACV.2018.00087}
}

@inproceedings{7139520,
  author={Pieropan, Alessandro and Bergström, Niklas and Ishikawa, Masatoshi and Kjellström, Hedvig},
  title={2015 IEEE International Conference on Robotics and Automation (ICRA)}, 
  title={Robust 3D tracking of unknown objects}, 
  year={2015},
  volume={},
  number={},
  pages={2410-2417},
  %doi={10.1109/ICRA.2015.7139520}
  }

@inproceedings{nguyen2022pizza,
  title={PIZZA: A Powerful Image-only Zero-Shot Zero-CAD Approach to 6 DoF Tracking},
  author={Nguyen, Van Nguyen and Du, Yuming and Xiao, Yang and Ramamonjisoa, Michael and Lepetit, Vincent},
  journal={{International Conference on 3D Vision (3DV)}},
  year={2022}
}

@article{transtrack,
  title   =  {TransTrack: Multiple-Object Tracking with Transformer},
  author  =  {Peize Sun and Jinkun Cao and Yi Jiang and Rufeng Zhang and Enze Xie and Zehuan Yuan and Changhu Wang and Ping Luo},
  journal =  {arXiv preprint arXiv: 2012.15460},
  year    =  {2020}
}

@inproceedings{AttentionIsAllYouNeed,
author = {Vaswani, Ashish and Shazeer, Noam and Parmar, Niki and Uszkoreit, Jakob and Jones, Llion and Gomez, Aidan N. and Kaiser, \L{}ukasz and Polosukhin, Illia},
title = {Attention is All You Need},
year = {2017},
%isbn = {9781510860964},
%publisher = {Curran Associates Inc.},
%address = {Red Hook, NY, USA},
booktitle = {Proceedings of the 31st International Conference on Neural Information Processing Systems},
pages = {6000–6010},
numpages = {11},
%location = {Long Beach, California, USA},
series = {NIPS'17}
}

@inproceedings{DETR,
  author    = {Nicolas Carion and
               Francisco Massa and
               Gabriel Synnaeve and
               Nicolas Usunier and
               Alexander Kirillov and
               Sergey Zagoruyko},
  title     = {End-to-End Object Detection with Transformers},
  booktitle = {ECCV},
  year      = {2020}
}


@article{zhu2020deformable,
  title={Deformable DETR: Deformable Transformers for End-to-End Object Detection},
  author={Zhu, Xizhou and Su, Weijie and Lu, Lewei and Li, Bin and Wang, Xiaogang and Dai, Jifeng},
  journal={arXiv preprint arXiv:2010.04159},
  year={2020}
}

@misc{Rovis,
  %doi = {10.48550/ARXIV.2211.09108},
  %url = {https://arxiv.org/abs/2211.09108},
  author = {Zhan, Zitong and McKee, Daniel and Lazebnik, Svetlana},
  title = {Robust Online Video Instance Segmentation with Track Queries},
  %publisher = {arXiv},
  journal={arXiv preprint arXiv:2211.09108},
  year = {2022},
  %copyright = {arXiv.org perpetual, non-exclusive license}
}


@INPROCEEDINGS{matterport_maskrcnn_2017,
  author={He, Kaiming and Gkioxari, Georgia and Dollár, Piotr and Girshick, Ross},
  booktitle={2017 IEEE International Conference on Computer Vision (ICCV)}, 
  title={Mask R-CNN}, 
  year={2017},
  pages={2980-2988},
  %doi={10.1109/ICCV.2017.322}
  }


@inproceedings{visTR,
  title={End-to-End Video Instance Segmentation with Transformers},
  author={Wang, Yuqing and Xu, Zhaoliang and Wang, Xinlong and Shen, Chunhua and Cheng, Baoshan and Shen, Hao and Xia, Huaxia},
  booktitle =  {Proc. IEEE Conf. Computer Vision and Pattern Recognition (CVPR)},
  year={2021}
}

@article{dosovitskiy2020vit,
  title={An Image is Worth 16x16 Words: Transformers for Image Recognition at Scale},
  author={Dosovitskiy, Alexey and Beyer, Lucas and Kolesnikov, Alexander and Weissenborn, Dirk and Zhai, Xiaohua and Unterthiner, Thomas and  Dehghani, Mostafa and Minderer, Matthias and Heigold, Georg and Gelly, Sylvain and Uszkoreit, Jakob and Houlsby, Neil},
  journal={ICLR},
  year={2021}
}

@article{stm,
  title={Video Object Segmentation using Space-Time Memory Networks},
  author={Oh, Seoung Wug and Lee, Joon-Young and Xu, Ning and Kim, Seon Joo },
  journal={ICCV},
  year={2019}
}

@inproceedings{unicorn,
  title={Towards Grand Unification of Object Tracking},
  author={Yan, Bin and Jiang, Yi and Sun, Peize and Wang, Dong and Yuan, Zehuan and Luo, Ping and Lu, Huchuan},
  booktitle={ECCV},
  year={2022}
}

@article{kalmanfilter,
  title={A New Approach to Linear Filtering and Prediction Problems},
  author={Kalman, R},
  journal={Journal of Basic Engineering},
  volume = {82},
  series = {D},
  pages = {35-45},
  year={1960}
}

@article{denninger2019blenderproc,
  title={BlenderProc},
  author={Denninger, Maximilian and Sundermeyer, Martin and Winkelbauer, Dominik and Zidan, Youssef and Olefir, Dmitry and Elbadrawy, Mohamad and Lodhi, Ahsan and Katam, Harinandan},
  journal={arXiv preprint arXiv:1911.01911},
  year={2019}
}

@article{ Yang2019vis,
  author = {Linjie Yang and Yuchen Fan and Ning Xu},
  title = {Video instance segmentation},
  journal = {CoRR},
  volume = {abs/1905.04804},
  year = {2019},
  %url = {https://arxiv.org/abs/1905.04804}
}


@InProceedings{simnet,
  title = 	 {SimNet: Enabling Robust Unknown Object Manipulation from Pure Synthetic Data via Stereo},
  author =       {Kollar, Thomas and Laskey, Michael and Stone, Kevin and ThananYangjeyan, Brijen and Tjersland, Mark},
  booktitle = 	 {Proceedings of the 5th Conference on Robot Learning},
  pages = 	 {938--948},
  year = 	 {2022},
  volume = 	 {164},
  series = 	 {Proceedings of Machine Learning Research},
  publisher =    {PMLR},
  %pdf = 	 {https://proceedings.mlr.press/v164/kollar22a/kollar22a.pdf},
  %url = 	 {https://proceedings.mlr.press/v164/kollar22a.html}
}

@article{ovis,
author = {Qi, Jiyang and Gao, Yan and Hu, Yao and Wang, Xinggang and Liu, Xiaoyu and Bai, Xiang and Belongie, Serge and Yuille, Alan and Torr, Philip H. S. and Bai, Song},
title = {Occluded Video Instance Segmentation: A Benchmark},
year = {2022},
issue_date = {Aug 2022},
volume = {130},
number = {8},
issn = {0920-5691},
%url = {https://doi.org/10.1007/s11263-022-01629-1},
%doi = {10.1007/s11263-022-01629-1},
journal = {Int. J. Comput. Vision},
pages = {2022–2039},
numpages = {18}}

@misc{uvo,
  %doi = {10.48550/ARXIV.2104.04691},
  %url = {https://arxiv.org/abs/2104.04691},
  author = {Wang, Weiyao and Feiszli, Matt and Wang, Heng and Tran, Du},  
  title = {Unidentified Video Objects: A Benchmark for Dense, Open-World Segmentation},
  journal={arXiv preprint arXiv:2104.04691},
  %publisher = {arXiv},
  year = {2021}}

@InProceedings{tracktor_2019_ICCV,
  author = {Bergmann, Philipp and Meinhardt, Tim and Leal{-}Taix{\'{e}}, Laura},
  title = {Tracking Without Bells and Whistles},
  booktitle = {The IEEE International Conference on Computer Vision (ICCV)},
  year = {2019}}

  @misc{mot17,
  %url = {https://arxiv.org/abs/1603.00831},
  author = {Milan, Anton and Leal-Taixe, Laura and Reid, Ian and Roth, Stefan and Schindler, Konrad},  
  title = {MOT16: A Benchmark for Multi-Object Tracking},
  %publisher = {arXiv},
  journal={arXiv preprint arXiv:1603.00831},
  year = {2016}
  }


@misc{mot20,
  author = {Dendorfer, Patrick and Rezatofighi, Hamid and Milan, Anton and Shi, Javen and Cremers, Daniel and Reid, Ian and Roth, Stefan and Schindler, Konrad and Leal-Taixé, Laura},
  title = {MOT20: A benchmark for multi object tracking in crowded scenes},
   booktitle = {CoRR},
 year = {2020}
}
@inproceedings{mots20,
  author = {Voigtlaender, Paul and Krause, Michael and Osep, Aljosa and Luiten, Jonathon and Sekar, Berin Balachandar Gnana and Geiger, Andreas and Leibe, Bastian},
 title = {{MOTS}: Multi-Object Tracking and Segmentation},
 booktitle = {CVPR},
 year = {2019},
}

@INPROCEEDINGS{3dTracking,
  author={Pieropan, Alessandro and Bergström, Niklas and Ishikawa, Masatoshi and Kjellström, Hedvig},
  booktitle={2015 IEEE International Conference on Robotics and Automation (ICRA)}, 
  title={Robust 3D tracking of unknown objects}, 
  year={2015},
  volume={},
  number={},
  pages={2410-2417},
  %doi={10.1109/ICRA.2015.7139520}
  }

  @INPROCEEDINGS{dot,
  author={Ballester, Irene and Fontán, Alejandro and Civera, Javier and Strobl, Klaus H. and Triebel, Rudolph},
  booktitle={2021 IEEE International Conference on Robotics and Automation (ICRA)}, 
  title={DOT: Dynamic Object Tracking for Visual SLAM}, 
  year={2021},
  volume={},
  number={},
  pages={11705-11711},
  %doi={10.1109/ICRA48506.2021.9561452}
  }
  
@misc{step,  
  author = {Weber, Mark and Xie, Jun and Collins, Maxwell and Zhu, Yukun and Voigtlaender, Paul and Adam, Hartwig and Green, Bradley and Geiger, Andreas and Leibe, Bastian and Cremers, Daniel and Ošep, Aljoša and Leal-Taixé, Laura and Chen, Liang-Chieh},  
  title = {STEP: Segmenting and Tracking Every Pixel},
  publisher = {arXiv},
  year = {2021}
}

@INPROCEEDINGS{mdp,
  author={Xiang, Yu and Alahi, Alexandre and Savarese, Silvio},
  booktitle={2015 IEEE International Conference on Computer Vision (ICCV)}, 
  title={Learning to Track: Online Multi-object Tracking by Decision Making}, 
  year={2015},
  volume={},
  number={},
  pages={4705-4713},
  %doi={10.1109/ICCV.2015.534}
  }

@InProceedings{raft,
author="Teed, Zachary and Deng, Jia",
title="RAFT: Recurrent All-Pairs Field Transforms for Optical Flow",
booktitle="Computer Vision -- ECCV 2020",
year="2020"
}
@InProceedings{axial,
author="Wang, Huiyu and Zhu, Yukun and Green, Bradley and Adam, Hartwig and Yuille, Alan and Chen, Liang-Chieh",
title="Axial-DeepLab: Stand-Alone Axial-Attention for Panoptic Segmentation",
booktitle="Computer Vision -- ECCV 2020",
year="2020"
}
@INPROCEEDINGS{flownet,
  author={Dosovitskiy, Alexey and Fischer, Philipp and Ilg, Eddy and Häusser, Philip and Hazirbas, Caner and Golkov, Vladimir and Smagt, Patrick van der and Cremers, Daniel and Brox, Thomas},
  booktitle={2015 IEEE International Conference on Computer Vision (ICCV)}, 
  title={FlowNet: Learning Optical Flow with Convolutional Networks}, 
  year={2015}}

  @InProceedings{segstereo,
author="Yang, Guorun
and Zhao, Hengshuang
and Shi, Jianping
and Deng, Zhidong
and Jia, Jiaya",
title="SegStereo: Exploiting Semantic Information for Disparity Estimation",
booktitle="Computer Vision -- ECCV 2018",
year="2018"
}

@INPROCEEDINGS{resnet,
  author={He, Kaiming and Zhang, Xiangyu and Ren, Shaoqing and Sun, Jian},
  booktitle={2016 IEEE Conference on Computer Vision and Pattern Recognition (CVPR)}, 
  title={Deep Residual Learning for Image Recognition}, 
  year={2016},
  volume={},
  number={},
  pages={770-778},
  %doi={10.1109/CVPR.2016.90}
  }

  @INPROCEEDINGS{fpn,
  author={Lin, Tsung-Yi and Dollár, Piotr and Girshick, Ross and He, Kaiming and Hariharan, Bharath and Belongie, Serge},
  booktitle={2017 IEEE Conference on Computer Vision and Pattern Recognition (CVPR)}, 
  title={Feature Pyramid Networks for Object Detection}, 
  year={2017},
  volume={},
  number={},
  pages={936-944},
  %doi={10.1109/CVPR.2017.106}
  }

  @misc{davis,  
  author = {Pont-Tuset, Jordi and Perazzi, Federico and Caelles, Sergi and Arbeláez, Pablo and Sorkine-Hornung, Alex and Van Gool, Luc},  
  title = {The 2017 DAVIS Challenge on Video Object Segmentation},
  publisher = {arXiv},
  year = {2017}}

  @misc{youtube-vos,
  author = {Xu, Ning and Yang, Linjie and Fan, Yuchen and Yue, Dingcheng and Liang, Yuchen and Yang, Jianchao and Huang, Thomas},  
  title = {YouTube-VOS: A Large-Scale Video Object Segmentation Benchmark},
  year = {2018}
}

@article{hota,
	
	author = {Jonathon Luiten and Aljosa Osep and Patrick Dendorfer and Philip Torr and Andreas Geiger and Laura Leal-Taixe and Bastian Leibe},
	title = {{HOTA}: A Higher Order Metric for Evaluating Multi-object Tracking},
	journal = {International Journal of Computer Vision},
    year = {2020}
}

@ARTICLE{kitti,
  author = {Andreas Geiger and Philip Lenz and Christoph Stiller and Raquel Urtasun},
  title = {Vision meets Robotics: The KITTI Dataset},
  journal = {International Journal of Robotics Research (IJRR)},
  year = {2013}
}

@InProceedings{centerpoint,
    author    = {Yin, Tianwei and Zhou, Xingyi and Krahenbuhl, Philipp},
    title     = {Center-Based 3D Object Detection and Tracking},
    booktitle = {Proceedings of the IEEE/CVF Conference on Computer Vision and Pattern Recognition (CVPR)},
    year      = {2021},
    pages     = {11784-11793}
}

@INPROCEEDINGS{3dkalman_tracker,
  author={Weng, Xinshuo and Wang, Jianren and Held, David and Kitani, Kris},
  booktitle={2020 IEEE/RSJ International Conference on Intelligent Robots and Systems (IROS)}, 
  title={3D Multi-Object Tracking: A Baseline and New Evaluation Metrics}, 
  year={2020},
  volume={},
  number={},
  pages={10359-10366},
  %doi={10.1109/IROS45743.2020.9341164}
  }

   @InProceedings{polarmot,
    author={Kim, Aleksandr and Bras{\'o}, Guillem and O{\v{s}}ep, Aljo{\v{s}}a and Leal-Taix{\'e}, Laura},
    title={PolarMOT: How Far Can Geometric Relations Take Us in 3D Multi-Object Tracking?}, 
    booktitle={European Conference on Computer Vision (ECCV) 2022},
    %publisher={Springer Nature Switzerland},
    %address={Cham},
    %doi = {10.1007/978-3-031-20047-2_3},
    year={2022},
    pages={41--58},
    organization={Springer},
    %isbn={978-3-031-20047-2},
}

@inproceedings{4d_lidar,
 author = {M. Ayg\"un and A. Osep and M. Weber and M. Maximov and C. Stachniss and J. Behley and L. Leal-Taixe},
 title = {{4D Panoptic Segmentation}},
 booktitle = {Proc. of the IEEE/CVF Conference on Computer Vision and Pattern Recognition (CVPR)},
 year = 2021}

@inproceedings{cheng2021maskformer,
  title={Per-Pixel Classification is Not All You Need for Semantic Segmentation},
  author={Bowen Cheng and Alexander G. Schwing and Alexander Kirillov},
  journal={NeurIPS},
  year={2021}
}

@inproceedings{yang2022deaot,
  title={Decoupling Features in Hierarchical Propagation for Video Object Segmentation},
  author={Yang, Zongxin and Yang, Yi},
  booktitle={Advances in Neural Information Processing Systems (NeurIPS)},
  year={2022}
}
@article{yang2021aost,
  title={Scalable Multi-object Identification for Video Object Segmentation},
  author={Yang, Zongxin and Miao, Jiaxu and Wang, Xiaohan and Wei, Yunchao and Yang, Yi},
  journal={arXiv preprint arXiv:2203.11442},
  year={2022}
}
@inproceedings{yang2021aot,
  title={Associating Objects with Transformers for Video Object Segmentation},
  author={Yang, Zongxin and Wei, Yunchao and Yang, Yi},
  booktitle={Advances in Neural Information Processing Systems (NeurIPS)},
  year={2021}
}

@inproceedings{cheng2022xmem,
  title={{XMem}: Long-Term Video Object Segmentation with an Atkinson-Shiffrin Memory Model},
  author={Cheng, Ho Kei and Alexander G. Schwing},
  booktitle={ECCV},
  year={2022}
}

@inproceedings{savi,
    author = {Kipf, Thomas
              and Elsayed, Gamaleldin F.
              and Mahendran, Aravindh
              and Stone, Austin
              and Sabour, Sara
              and Heigold, Georg
              and Jonschkowski, Rico
              and Dosovitskiy, Alexey
              and Greff, Klaus},
    title = {{Conditional Object-Centric Learning from Video}},
    booktitle = {International Conference on Learning Representations (ICLR)},
    year  = {2022}
}

@inproceedings{athar2022hodor,
  title={HODOR: High-level Object Descriptors for Object Re-segmentation in Video Learned from Static Images},
  author={Athar, Ali and Luiten, Jonathon and Hermans, Alexander and Ramanan, Deva and Leibe, Bastian},
  booktitle={CVPR},
  year={2022}
}

@article{movi,
  author    = {Saeed Ghorbani and
               Kimia Mahdaviani and
               Anne Thaler and
               Konrad P. K{\"{o}}rding and
               Douglas James Cook and
               Gunnar Blohm and
               Nikolaus F. Troje},
  title     = {MoVi: {A} Large Multipurpose Motion and Video Dataset},
  journal   = {CoRR},
  volume    = {abs/2003.01888},
  year      = {2020}
}


@InProceedings{imageTrans2018,
  title = 	 {Image Transformer},
  author =       {Parmar, Niki and Vaswani, Ashish and Uszkoreit, Jakob and Kaiser, Lukasz and Shazeer, Noam and Ku, Alexander and Tran, Dustin},
  booktitle = 	 {Proceedings of the 35th International Conference on Machine Learning},
  year = 	 {2018},
  editor = 	 {Dy, Jennifer and Krause, Andreas}

}

@article{cordonnier,
  author    = {Jean{-}Baptiste Cordonnier and
               Andreas Loukas and
               Martin Jaggi},
  title     = {On the Relationship between Self-Attention and Convolutional Layers},
  journal   = {CoRR},
  year      = {2019}
}

@INPROCEEDINGS{imagenet,
  author={Deng, Jia and Dong, Wei and Socher, Richard and Li, Li-Jia and Kai Li and Li Fei-Fei},
  booktitle={2009 IEEE Conference on Computer Vision and Pattern Recognition}, 
  title={ImageNet: A large-scale hierarchical image database}, 
  year={2009},
  volume={},
  number={},
  pages={248-255},
  %doi={10.1109/CVPR.2009.5206848}
  }

@article{swin,
  author    = {Ze Liu and
               Yutong Lin and
               Yue Cao and
               Han Hu and
               Yixuan Wei and
               Zheng Zhang and
               Stephen Lin and
               Baining Guo},
  title     = {Swin Transformer: Hierarchical Vision Transformer using Shifted Windows},
  journal   = {CoRR},
  year      = {2021}
}

@article{segformer,
  author    = {Enze Xie and
               Wenhai Wang and
               Zhiding Yu and
               Anima Anandkumar and
               Jose M. Alvarez and
               Ping Luo},
  title     = {SegFormer: Simple and Efficient Design for Semantic Segmentation with
               Transformers},
  journal   = {CoRR},
  year      = {2021}
}

@misc{additiveAttention,
  
  author = {Bahdanau, Dzmitry and Cho, Kyunghyun and Bengio, Yoshua},
  
  title = {Neural Machine Translation by Jointly Learning to Align and Translate},
  
 journal   = {CoRR},
  
  year = {2014}
 
}

@article{word2vec,
  author    = {Tom{\'{a}}s Mikolov and
               Ilya Sutskever and
               Kai Chen and
               Greg Corrado and
               Jeffrey Dean},
  title     = {Distributed Representations of Words and Phrases and their Compositionality},
  journal   = {CoRR},
  year      = {2013}
}

@article{reviewTracking,
	author = {Wenhan Luo and Junliang Xing and Anton Milan and Xiaoqin Zhang and Wei Liu and Tae-Kyun Kim},
	journal = {Artificial Intelligence},
	pages = {103448},
	title = {Multiple object tracking: A literature review},
	volume = {293},
	year = {2021}
}

@inproceedings{kim2020vps,
  title={Video Panoptic Segmentation},
  author={Dahun Kim and Sanghyun Woo and Joon-Young Lee and In So Kweon},
  booktitle={Proceedings of the IEEE Conference on Computer Vision and Pattern Recognition},
  year={2020}
}

@inproceedings{unet,
	author = "Ronneberger, Olaf and Fischer, Philipp and Brox, Thomas",
	booktitle = "Medical Image Computing and Computer-Assisted Intervention – MICCAI 2015",
	pages = "234–241",
	publisher = "Springer International Publishing",
	title = "U-Net: Convolutional Networks for Biomedical Image Segmentation",
	year = "2015"
}

@InProceedings{pyramid_vision,
    author    = {Wang, Wenhai and Xie, Enze and Li, Xiang and Fan, Deng-Ping and Song, Kaitao and Liang, Ding and Lu, Tong and Luo, Ping and Shao, Ling},
    title     = {Pyramid Vision Transformer: A Versatile Backbone for Dense Prediction Without Convolutions},
    booktitle = {Proceedings of the IEEE/CVF International Conference on Computer Vision (ICCV)},
    %month     = {October},
    year      = {2021},
    pages     = {568-578}
}

@article{gmm_2022,
	%doi = {10.1109/access.2022.3192605},
  
	%url = {https://doi.org/10.1109%2Faccess.2022.3192605},
  
	year = 2022,
	publisher = {Institute of Electrical and Electronics Engineers ({IEEE})},
  
	volume = {10},
  
	pages = {77323--77336},
  
	author = {Darwin Saire and Adin Ramirez Rivera},
  
	title = {Global and Local Features Through Gaussian Mixture Models on Image Semantic Segmentation},
  
	journal = {{IEEE} Access}
}

@inproceedings{liang2022gmmseg,
  title     = {GMMSeg: Gaussian Mixture based Generative Semantic Segmentation Models},
  author    = {Liang, Chen and Wang, Wenguan and Miao, Jiaxu and Yang, Yi},
  booktitle = {Advances in Neural Information Processing Systems},
  year      = {2022}
}

@misc{bbox_vs_masks,
      title={Robust Visual Tracking by Segmentation}, 
      author={Matthieu Paul and Martin Danelljan and Christoph Mayer and Luc Van Gool},
      year={2022},
      eprint={2203.11191},
      archivePrefix={arXiv},
      primaryClass={cs.CV}
}

@book{bishop,
author = {Bishop, Christopher M.},
title = {Pattern Recognition and Machine Learning (Information Science and Statistics)},
year = {2006},
isbn = {0387310738},
publisher = {Springer-Verlag},
address = {Berlin, Heidelberg}
}

@InProceedings{MOTAmetric,
author="Stiefelhagen, Rainer
and Bernardin, Keni
and Bowers, Rachel
and Garofolo, John
and Mostefa, Djamel
and Soundararajan, Padmanabhan",

title="The CLEAR 2006 Evaluation",
booktitle="Multimodal Technologies for Perception of Humans",
year="2007",
publisher="Springer Berlin Heidelberg"
}

@misc{coco,
      title={Microsoft COCO: Common Objects in Context}, 
      author={Tsung-Yi Lin and Michael Maire and Serge Belongie and Lubomir Bourdev and Ross Girshick and James Hays and Pietro Perona and Deva Ramanan and C. Lawrence Zitnick and Piotr Dollár},
      year={2015},
      % eprint={1405.0312},
      % archivePrefix={arXiv},
      % primaryClass={cs.CV}
}

@misc{rcvisard,
year= "2023",
title = "rc\_visard 3D Stereo Sensor",
url = "https://doc.rc-visard.com/latest/pdf/rc_visard_manual_en.pdf",
%howpublished = "Brochure",
author ="Roboception"
}

@InProceedings{augmentedAutoencoder,
author = {Sundermeyer, Martin and Marton, Zoltan-Csaba and Durner, Maximilian and Brucker, Manuel and Triebel, Rudolph},
title = {Implicit 3D Orientation Learning for 6D Object Detection from RGB Images},
booktitle = {The European Conference on Computer Vision (ECCV)},
year = {2018}
}

@article{graspnet,
  title={Contact-GraspNet: Efficient 6-DoF Grasp Generation in Cluttered Scenes},
  author={Sundermeyer, Martin and Mousavian, Arsalan and Triebel, Rudolph and Fox, Dieter},
  booktitle={2021 IEEE International Conference on Robotics and Automation (ICRA)},
  year={2021}
}

@misc{HODORgithub,
  author={Athar, Ali and Luiten, Jonathon and Hermans, Alexander and Ramanan, Deva and Leibe, Bastian},
  title={HODOR: High-level Object Descriptors for Object Re-segmentation in Video Learned from Static Images},
  year={2020},
  url={https://github.com/Ali2500/HODOR},
}

@misc{boerdijk2020selfsupervised,
      title={Self-Supervised Object-in-Gripper Segmentation from Robotic Motions}, 
      author={Wout Boerdijk and Martin Sundermeyer and Maximilian Durner and Rudolph Triebel},
      year={2020},
      eprint={2002.04487},
      archivePrefix={arXiv},
      primaryClass={cs.CV}
}